<?xml version="1.0" encoding="UTF-8"?><collection xmlns="http://www.loc.gov/MARC21/slim"><record><leader>00515nam--2200181-i-4500</leader><controlfield tag="001">000042915</controlfield><controlfield tag="002">20161230</controlfield><controlfield tag="005">20161230201043</controlfield><controlfield tag="008">060222s1000------------r-----000-0-eng-d</controlfield><datafield ind1=" " ind2=" " tag="040"><subfield code="a">IFIN-HH</subfield></datafield><datafield ind1=" " ind2=" " tag="080"><subfield code="a">539.19:539.18</subfield></datafield><datafield ind1="1" ind2=" " tag="100"><subfield code="a">Stevenson,Richard</subfield></datafield><datafield ind1="1" ind2="0" tag="245"><subfield code="a">Multiplet structure of atoms and molecules</subfield><subfield code="c">Richard stevenson</subfield></datafield><datafield ind1=" " ind2=" " tag="260"><subfield code="a">Philadelphia</subfield><subfield code="b">W.B.Saunders Company</subfield><subfield code="c">1965</subfield></datafield><datafield ind1=" " ind2=" " tag="300"><subfield code="a">X + 190 P</subfield></datafield><datafield ind1=" " ind2=" " tag="490"><subfield code="a">Studies In Physics And Chemistry</subfield></datafield><datafield ind1=" " ind2=" " tag="852"><subfield code="a">27207</subfield><subfield code="c">539.18</subfield></datafield><datafield ind1=" " ind2=" " tag="CAT"><subfield code="a">Sys</subfield><subfield code="c">20120702</subfield><subfield code="h">111328</subfield></datafield></record></collection>